@misc{rana2022deepfake,
  author    = {Md Shohel Rana and others},
  title     = {Deepfake Detection Using Deep Learning},
  year      = {2022},
  howpublished = {\url{https://ieeexplore.ieee.org/stamp/stamp.jsp?arnumber=10711187}},
  note      = {Accessed: 2025-02-12}
}

@article{yuval2020gan,
  author    = {Yuval Nirkin and others},
  title     = {Generative Adversarial Networks for Deepfake Detection},
  journal   = {Computer Vision Journal},
  volume    = {12},
  number    = {4},
  pages     = {123--135},
  year      = {2020},
  doi       = {10.1007/s00371-021-02347-4}
}

@article{verdoliva2020deepfake,
  author    = {Luca Verdoliva},
  title     = {Deepfake Detection: Techniques and Challenges},
  journal   = {Visual Computer},
  volume    = {39},
  number    = {3},
  pages     = {813--833},
  year      = {2020},
  doi       = {10.1007/s00371-021-02347-4}
}





@article{nakka2018deep,
  title={Deep Attentional Structured Representation Learning for Visual Recognition},
  author={Nakka, Krishna Kanth and Salzmann, Mathieu},
  journal={arXiv preprint arXiv:1805.05389},
  year={2018}
}

@book{jaya2018kecerdasan,
  title={Kecerdasan Buatan},
  author={Jaya, Hendra and Sabran, S. and Idris, M. Ma'ruf and Djawad, Y.A. and Ilham, A. and Ahmar, A.S.},
  year={2018},
  publisher={Fakultas MIPA Universitas Negeri Makassar},
  address={Makassar},
  note={ISBN: 978-602-99837-9-1}
}

@misc{ibm2024ai,
  author       = {IBM},
  title        = {Apa itu Kecerdasan Buatan (AI)?},
  year         = {2024},
  month        = {August},
  url          = {https://www.ibm.com},
  note         = {Diperbarui 16 Agustus 2024}
}

@book{russell2020ai,
  author       = {Russell, Stuart J. and Norvig, Peter},
  title        = {Artificial Intelligence: A Modern Approach},
  edition      = {4th},
  publisher    = {Pearson},
  year         = {2020}
}

@misc{researchgate2024ai,
  author       = {ResearchGate},
  title        = {KECERDASAN BUATAN},
  year         = {2024},
  month        = {November},
  note         = {Buku ajar}
}

@inproceedings{goodfellow2014gan,
  title={Generative Adversarial Nets},
  author={Goodfellow, Ian and Pouget-Abadie, Jean and Mirza, Mehdi and Xu, Bing and Warde-Farley, David and Ozair, Sherjil and Courville, Aaron and Bengio, Yoshua},
  booktitle={Advances in Neural Information Processing Systems},
  year={2014},
  note={Referensi ini merupakan dasar teoretis yang sangat berpengaruh dalam pengembangan GANs, yang menjadi fondasi utama teknologi deepfake.}
}

@article{kingma2013vae,
  title={Auto-Encoding Variational Bayes},
  author={Kingma, Diederik P and Welling, Max},
  journal={arXiv preprint arXiv:1312.6114},
  year={2013},
  note={Pendekatan VAE memberikan alternatif dalam rekonstruksi dan manipulasi data wajah secara probabilistik.}
}

@inproceedings{abadi2016tensorflow,
  author    = {Abadi, Mart{\'\i}n and others},
  title     = {TensorFlow: A System for Large-Scale Machine Learning},
  booktitle = {12th USENIX Symposium on Operating Systems Design and Implementation (OSDI 2016)},
  pages     = {265--283},
  year      = {2016}
}

@article{lecun2015deep,
  author  = {LeCun, Yann and Bengio, Yoshua and Hinton, Geoffrey},
  title   = {Deep Learning},
  journal = {Nature},
  volume  = {521},
  number  = {7553},
  pages   = {436--444},
  year    = {2015}
}

@book{goodfellow2016deep,
  author    = {Goodfellow, Ian and Bengio, Yoshua and Courville, Aaron},
  title     = {Deep Learning},
  publisher = {MIT Press},
  year      = {2016}
}

@inproceedings{krizhevsky2012imagenet,
  author    = {Krizhevsky, Alex and Sutskever, Ilya and Hinton, Geoffrey E.},
  title     = {ImageNet Classification with Deep Convolutional Neural Networks},
  booktitle = {Advances in Neural Information Processing Systems},
  pages     = {1097--1105},
  year      = {2012}
}

@inproceedings{he2016deep,
  author    = {He, Kaiming and Zhang, Xiangyu and Ren, Shaoqing and Sun, Jian},
  title     = {Deep Residual Learning for Image Recognition},
  booktitle = {Proceedings of the IEEE Conference on Computer Vision and Pattern Recognition},
  pages     = {770--778},
  year      = {2016}
}

@inproceedings{tan2019efficientnet,
  author    = {Tan, Mingxing and Le, Quoc V.},
  title     = {EfficientNet: Rethinking Model Scaling for Convolutional Neural Networks},
  booktitle = {Proceedings of the 36th International Conference on Machine Learning},
  pages     = {6105--6114},
  year      = {2019}
}

@article{howard2017mobilenets,
  author    = {Howard, Andrew G. and others},
  title     = {MobileNets: Efficient Convolutional Neural Networks for Mobile Vision Applications},
  journal   = {arXiv preprint arXiv:1704.04861},
  year      = {2017}
}

@inproceedings{szegedy2016rethinking,
  author    = {Szegedy, Christian and others},
  title     = {Rethinking the Inception Architecture for Computer Vision},
  booktitle = {Proceedings of the IEEE Conference on Computer Vision and Pattern Recognition},
  pages     = {2818--2826},
  year      = {2016}
}

@inproceedings{dietterich2000ensemble,
  author    = {Dietterich, Thomas G.},
  title     = {Ensemble Methods in Machine Learning},
  booktitle = {International Workshop on Multiple Classifier Systems},
  pages     = {1--15},
  year      = {2000},
  publisher = {Springer}
}

@inproceedings{szegedy2016rethinking,
  title={Rethinking the Inception Architecture for Computer Vision},
  author={Szegedy, Christian and Vanhoucke, Vincent and Ioffe, Sergey and Shlens, Jon and Wojna, Zbigniew},
  booktitle={Proceedings of the IEEE Conference on Computer Vision and Pattern Recognition},
  pages={2818--2826},
  year={2016}
}

@inproceedings{howard2019searching,
  title={Searching for MobileNetV3},
  author={Howard, Andrew and Sandler, Mark and Chu, Grace and Chen, Liang-Chieh and Tan, Mingxing and Wang, Bo and Zhu, Yukun and Pang, Ruoming and Vasudevan, Vijay and Le, Quoc V and others},
  booktitle={Proceedings of the IEEE/CVF International Conference on Computer Vision},
  pages={1314--1324},
  year={2019}
}

@inproceedings{he2016deep,
  title={Deep Residual Learning for Image Recognition},
  author={He, Kaiming and Zhang, Xiangyu and Ren, Shaoqing and Sun, Jian},
  booktitle={Proceedings of the IEEE Conference on Computer Vision and Pattern Recognition},
  pages={770--778},
  year={2016}
}

@inproceedings{tan2019efficientnet,
  title={EfficientNet: Rethinking Model Scaling for Convolutional Neural Networks},
  author={Tan, Mingxing and Le, Quoc V},
  booktitle={Proceedings of the 36th International Conference on Machine Learning},
  pages={6105--6114},
  year={2019}
}

@inproceedings{guera2018deepfake,
  title={Deepfake Video Detection Using Recurrent Neural Networks},
  author={Guera, Diego and Delp, Edward J},
  booktitle={2018 15th IEEE International Conference on Advanced Video and Signal Based Surveillance (AVSS)},
  pages={1--6},
  year={2018},
  organization={IEEE}
}

@inproceedings{cozzolino2023,
  author={Cozzolino, Davide and Pianese, Antonio and Nießner, Matthias and Verdoliva, Luisa},
  title={Audio-visual person-of-interest {DeepFake} detection},
  booktitle={Proc. IEEE/CVF Conf. Comput. Vis. Pattern Recognit. Workshops (CVPRW)},
  pages={943--952},
  month={Jun},
  year={2023},
  doi={10.1109/CVPRW59228.2023.00101}
}


@article{heo2023,
  author={Heo, Yoon-Jae and Yeo, Won-Ho and Kim, Byoung-Gui},
  title={{DeepFake} detection algorithm based on improved vision transformer},
  journal={Appl. Intell.},
  volume={53},
  number={7},
  pages={7512--7527},
  month={Apr},
  year={2023},
  doi={10.1007/s10489-022-03867-9}
}

@article{soleimani2023,
  author={Soleimani, Mehrsa and Nazari, Alireza and Moghaddam, Mohsen Ebrahimi},
  title={Deepfake detection of occluded images using a patch-based approach},
  journal={Multimedia Syst.},
  volume={29},
  number={5},
  pages={2669--2687},
  month={Oct},
  year={2023},
  doi={10.1007/s00530-023-01140-8}
}

@article{ahmed2023,
  author={Ahmed, Saad Raja Abdul and Sonuç, Emre},
  title={Deepfake detection using rationale augmented convolutional neural network},
  journal={Appl. Nanoscience},
  volume={13},
  number={2},
  pages={1485--1493},
  month={Feb},
  year={2023},
  doi={10.1007/s13204-021-02072-3}
}

@article{shao2023,
  author={Shao, Ruijie and Wu, Tianxiang and Nie, Liqiang and Liu, Ziwei},
  title={{DeepFake-adapter}: Dual-level adapter for {DeepFake} detection},
  journal={arXiv preprint},
  volume={arXiv:2306.00863},
  year={2023}
}

@article{khalid2023,
  author={Khalid, Farhat and Javed, Ahsan and Ain, Qurat-Ul and Ilyas, Hafiz and Irtaza, Aun},
  title={{DFGNN}: An interpretable and generalized graph neural network for deepfakes detection},
  journal={Expert Syst. Appl.},
  volume={222},
  pages={119843},
  month={Jul},
  year={2023},
  doi={10.1016/j.eswa.2023.119843}
}



@inproceedings{wang2023dynamic,
  author={Wang, Yingxin and Yu, Kai and Chen, Chen and Hu, Xin and Peng, Siheng},
  title={Dynamic graph learning with content-guided spatial-frequency relation reasoning for deepfake detection},
  booktitle={Proc. IEEE/CVF Conf. Comput. Vis. Pattern Recognit. (CVPR)},
  pages={7278--7287},
  month={Jun},
  year={2023}
}

@article{raza2023,
  author={Raza, Muhammad Arsal and Malik, Khalid M. and Ul Haq, Imran},
  title={{HolisticDFD}: Infusing spatiotemporal transformer embeddings for deepfake detection},
  journal={Inf. Sci.},
  volume={645},
  pages={119352},
  month={Oct},
  year={2023},
  doi={10.1016/j.ins.2023.119352}
}


@inproceedings{tian2023,
  author={Tian, Chongyu and Luo, Zhiyuan and Shi, Guangming and Li, Shan},
  title={Frequency-aware attentional feature fusion for deepfake detection},
  booktitle={Proc. IEEE Int. Conf. Acoust., Speech Signal Process. (ICASSP)},
  pages={1--5},
  month={Jun},
  year={2023},
  doi={10.1109/ICASSP49357.2023.10094654}
}

@inproceedings{huang2023,
  author={Huang, Bonan and Wang, Zhijie and Yang, Jiansheng and Ai, Jinlong and Zou, Qi and Wang, Qixiang and Ye, Dahua},
  title={Implicit identity driven deepfake face swapping detection},
  booktitle={IEEE/CVF Conf. Comput. Vis. Pattern Recognit. (CVPR)},
  month={Jun},
  year={2023}
}

@article{pang2023,
  author={Pang, Guochen and Zhang, Bin and Teng, Zhiqiang and Qi, Zhongyuan and Fan, Jingtao},
  title={{MRE-Net}: multi-rate excitation network for deepfake video detection},
  journal={IEEE Trans. Circuits Syst. Video Technol.},
  volume={33},
  number={8},
  pages={3663--3676},
  month={Aug},
  year={2023},
  doi={10.1109/TCSVT.2023.3239607}
}
@inproceedings{chollet2017xception,
  title     = {Xception: Deep Learning with Depthwise Separable Convolutions},
  author    = {Chollet, Fran{\c{c}}ois},
  booktitle = {Proceedings of the IEEE Conference on Computer Vision and Pattern Recognition (CVPR)},
  year      = {2017},
  pages     = {1251--1258},
  doi       = {10.1109/CVPR.2017.195}
}
@article{lecun1998gradient,
  title     = {Gradient-Based Learning Applied to Document Recognition},
  author    = {LeCun, Yann and Bottou, L{\'e}on and Bengio, Yoshua and Haffner, Patrick},
  journal   = {Proceedings of the IEEE},
  volume    = {86},
  number    = {11},
  pages     = {2278--2324},
  year      = {1998},
  doi       = {10.1109/5.726791}
}

% BibTeX file for Deepfake Detection Ensemble Research

@book{russell2020artificial,
  title={Artificial Intelligence: A Modern Approach},
  author={Russell, Stuart J and Norvig, Peter},
  edition={4th},
  year={2020},
  publisher={Pearson}
}

@article{mccarthy2007proposal,
  title={A proposal for the dartmouth summer research project on artificial intelligence, august 31, 1955},
  author={McCarthy, John and Minsky, Marvin L and Rochester, Nathaniel and Shannon, Claude E},
  journal={AI Magazine},
  volume={27},
  number={4},
  pages={12--14},
  year={2007}
}

@book{nilsson2009quest,
  title={The Quest for Artificial Intelligence},
  author={Nilsson, Nils J},
  year={2009},
  publisher={Cambridge University Press}
}

@book{mitchell1997machine,
  title={Machine Learning},
  author={Mitchell, Tom M},
  year={1997},
  publisher={McGraw-Hill}
}

@article{lecun2015deep,
  title={Deep learning},
  author={LeCun, Yann and Bengio, Yoshua and Hinton, Geoffrey},
  journal={Nature},
  volume={521},
  number={7553},
  pages={436--444},
  year={2015},
  publisher={Nature Publishing Group}
}

@article{bengio2013representation,
  title={Representation learning: A review and new perspectives},
  author={Bengio, Yoshua and Courville, Aaron and Vincent, Pascal},
  journal={IEEE Transactions on Pattern Analysis and Machine Intelligence},
  volume={35},
  number={8},
  pages={1798--1828},
  year={2013},
  publisher={IEEE}
}

@article{rosenblatt1958perceptron,
  title={The perceptron: a probabilistic model for information storage and organization in the brain},
  author={Rosenblatt, Frank},
  journal={Psychological Review},
  volume={65},
  number={6},
  pages={386--408},
  year={1958},
  publisher={American Psychological Association}
}

@inproceedings{nair2010rectified,
  title={Rectified linear units improve restricted boltzmann machines},
  author={Nair, Vinod and Hinton, Geoffrey E},
  booktitle={Proceedings of the 27th International Conference on Machine Learning},
  pages={807--814},
  year={2010}
}

@article{rumelhart1986learning,
  title={Learning representations by back-propagating errors},
  author={Rumelhart, David E and Hinton, Geoffrey E and Williams, Ronald J},
  journal={Nature},
  volume={323},
  number={6088},
  pages={533--536},
  year={1986},
  publisher={Nature Publishing Group}
}

@article{lecun1998gradient,
  title={Gradient-based learning applied to document recognition},
  author={LeCun, Yann and Bottou, Léon and Bengio, Yoshua and Haffner, Patrick},
  journal={Proceedings of the IEEE},
  volume={86},
  number={11},
  pages={2278--2324},
  year={1998},
  publisher={IEEE}
}

@book{goodfellow2016deep,
  title={Deep Learning},
  author={Goodfellow, Ian and Bengio, Yoshua and Courville, Aaron},
  year={2016},
  publisher={MIT Press}
}

@inproceedings{he2016deep,
  title={Deep residual learning for image recognition},
  author={He, Kaiming and Zhang, Xiangyu and Ren, Shaoqing and Sun, Jian},
  booktitle={Proceedings of the IEEE Conference on Computer Vision and Pattern Recognition},
  pages={770--778},
  year={2016}
}

@inproceedings{chollet2017xception,
  title={Xception: Deep learning with depthwise separable convolutions},
  author={Chollet, François},
  booktitle={Proceedings of the IEEE Conference on Computer Vision and Pattern Recognition},
  pages={1251--1258},
  year={2017}
}

@inproceedings{tan2019efficientnet,
  title={EfficientNet: Rethinking model scaling for convolutional neural networks},
  author={Tan, Mingxing and Le, Quoc},
  booktitle={International Conference on Machine Learning},
  pages={6105--6114},
  year={2019},
  organization={PMLR}
}

@article{pan2009survey,
  title={A survey on transfer learning},
  author={Pan, Sinno Jialin and Yang, Qiang},
  journal={IEEE Transactions on Knowledge and Data Engineering},
  volume={22},
  number={10},
  pages={1345--1359},
  year={2009},
  publisher={IEEE}
}

@inproceedings{donahue2014decaf,
  title={DeCAF: A deep convolutional activation feature for generic visual recognition},
  author={Donahue, Jeff and Jia, Yangqing and Vinyals, Oriol and Hoffman, Judy and Zhang, Ning and Tzeng, Eric and Darrell, Trevor},
  booktitle={International Conference on Machine Learning},
  pages={647--655},
  year={2014},
  organization={PMLR}
}

@article{yosinski2014transferable,
  title={How transferable are features in deep neural networks?},
  author={Yosinski, Jason and Clune, Jeff and Bengio, Yoshua and Lipson, Hod},
  journal={Advances in Neural Information Processing Systems},
  volume={27},
  year={2014}
}

@article{dietterich2000ensemble,
  title={Ensemble methods in machine learning},
  author={Dietterich, Thomas G},
  journal={Multiple Classifier Systems},
  pages={1--15},
  year={2000},
  publisher={Springer}
}

@article{breiman1996bias,
  title={Bias, variance, and arcing classifiers},
  author={Breiman, Leo},
  journal={Tech. Rep. 460, Statistics Department, University of California at Berkeley},
  year={1996}
}

@article{brown2005diversity,
  title={Diversity creation methods: a survey and categorisation},
  author={Brown, Gavin and Wyatt, Jeremy and Harris, Rachel and Yao, Xin},
  journal={Information Fusion},
  volume={6},
  number={1},
  pages={5--20},
  year={2005},
  publisher={Elsevier}
}

@article{breiman1996bagging,
  title={Bagging predictors},
  author={Breiman, Leo},
  journal={Machine Learning},
  volume={24},
  number={2},
  pages={123--140},
  year={1996},
  publisher={Springer}
}

@article{freund1997decision,
  title={A decision-theoretic generalization of on-line learning and an application to boosting},
  author={Freund, Yoav and Schapire, Robert E},
  journal={Journal of Computer and System Sciences},
  volume={55},
  number={1},
  pages={119--139},
  year={1997},
  publisher={Elsevier}
}

@article{wolpert1992stacked,
  title={Stacked generalization},
  author={Wolpert, David H},
  journal={Neural Networks},
  volume={5},
  number={2},
  pages={241--259},
  year={1992},
  publisher={Elsevier}
}

@article{kuncheva2004combining,
  title={Combining pattern classifiers: methods and algorithms},
  author={Kuncheva, Ludmila I},
  year={2004},
  publisher={John Wiley \& Sons}
}


@article{ajder2019deepfakes,
  title={The state of deepfakes: Landscape, threats, and impact},
  author={Ajder, Henry and Patrini, Giorgio and Cavalli, Francesco and Cullen, Laurence},
  journal={Deeptrace},
  year={2019}
}

@article{goodfellow2014generative,
  title={Generative adversarial nets},
  author={Goodfellow, Ian and Pouget-Abadie, Jean and Mirza, Mehdi and Xu, Bing and Warde-Farley, David and Ozair, Sherjil and Courville, Aaron and Bengio, Yoshua},
  journal={Advances in Neural Information Processing Systems},
  volume={27},
  year={2014}
}

@article{radford2015unsupervised,
  title={Unsupervised representation learning with deep convolutional generative adversarial networks},
  author={Radford, Alec and Metz, Luke and Chintala, Soumith},
  journal={arXiv preprint arXiv:1511.06434},
  year={2015}
}

@inproceedings{karras2019style,
  title={A style-based generator architecture for generative adversarial networks},
  author={Karras, Tero and Laine, Samuli and Aila, Timo},
  booktitle={Proceedings of the IEEE/CVF Conference on Computer Vision and Pattern Recognition},
  pages={4401--4410},
  year={2019}
}

@inproceedings{zhu2017unpaired,
  title={Unpaired image-to-image translation using cycle-consistent adversarial networks},
  author={Zhu, Jun-Yan and Park, Taesung and Isola, Phillip and Efros, Alexei A},
  booktitle={Proceedings of the IEEE International Conference on Computer Vision},
  pages={2223--2232},
  year={2017}
}

@article{verdoliva2020media,
  title={Media forensics and deepfakes: A survey},
  author={Verdoliva, Luisa},
  journal={IEEE Journal of Selected Topics in Signal Processing},
  volume={14},
  number={5},
  pages={910--932},
  year={2020},
  publisher={IEEE}
}

@article{tolosana2020faceforensics,
  title={FaceForensics++: Learning to detect manipulated facial images},
  author={Rossler, Andreas and Cozzolino, Davide and Verdoliva, Luisa and Riess, Christian and Thies, Justus and Nießner, Matthias},
  journal={International Journal of Computer Vision},
  volume={128},
  number={5},
  pages={1314--1334},
  year={2020},
  publisher={Springer}
}

@inproceedings{li2020celeb,
  title={The deepfake detection challenge (dfdc) dataset},
  author={Dolhansky, Brian and Bitton, Joanna and Pflaum, Ben and Lu, Jikun and Howes, Russ and Wang, Menglin and Ferrer, Cristian Canton},
  booktitle={arXiv preprint arXiv:2006.07397},
  year={2020}
}

@article{wang2020cnn,
  title={CNN-generated images are surprisingly easy to spot... for now},
  author={Wang, Sheng-Yu and Wang, Oliver and Zhang, Richard and Owens, Andrew and Efros, Alexei A},
  journal={Proceedings of the IEEE/CVF Conference on Computer Vision and Pattern Recognition},
  pages={8695--8704},
  year={2020}
}

@article{hossin2015review,
  title={A review on evaluation metrics for data classification evaluations},
  author={Hossin, Mohammad and Sulaiman, Md Nasir},
  journal={International Journal of Data Mining \& Knowledge Management Process},
  volume={5},
  number={2},
  pages={1--11},
  year={2015}
}

@article{breiman2001random,
  title={Random forests},
  author={Breiman, Leo},
  journal={Machine Learning},
  volume={45},
  number={1},
  pages={5--32},
  year={2001},
  publisher={Springer}
}

@inproceedings{zagoruyko2016wide,
  title={Wide residual networks},
  author={Zagoruyko, Sergey and Komodakis, Nikos},
  booktitle={British Machine Vision Conference},
  year={2016}
}

@article{kuncheva2003measures,
  title={Measures of diversity in classifier ensembles and their relationship with the ensemble accuracy},
  author={Kuncheva, Ludmila I and Whitaker, Christopher J},
  journal={Machine Learning},
  volume={51},
  number={2},
  pages={181--207},
  year={2003},
  publisher={Springer}
}

@article{hashem1997optimal,
  title={Optimal linear combinations of neural networks},
  author={Hashem, Sherif},
  journal={Neural Networks},
  volume={10},
  number={4},
  pages={599--614},
  year={1997},
  publisher={Elsevier}
}

@article{ben2010theory,
  title={A theory of learning from different domains},
  author={Ben-David, Shai and Blitzer, John and Crammer, Koby and Kulesza, Alex and Pereira, Fernando and Vaughan, Jennifer Wortman},
  journal={Machine Learning},
  volume={79},
  number={1},
  pages={151--175},
  year={2010},
  publisher={Springer}
}

@article{belghazi2018mine,
  title={Mutual information neural estimation},
  author={Belghazi, Mohamed Ishmael and Baratin, Aristide and Rajeshwar, Sai and Ozair, Sherjil and Bengio, Yoshua and Courville, Aaron and Hjelm, Devon},
  journal={International Conference on Machine Learning},
  pages={531--540},
  year={2018},
  organization={PMLR}
}

@article{tishby2015deep,
  title={Deep learning and the information bottleneck principle},
  author={Tishby, Naftali and Zaslavsky, Noga},
  journal={IEEE Information Theory Workshop},
  pages={1--5},
  year={2015},
  organization={IEEE}
}

@article{mcallester1999pac,
  title={PAC-Bayesian model averaging},
  author={McAllester, David A},
  journal={Proceedings of the Twelfth Annual Conference on Computational Learning Theory},
  pages={164--170},
  year={1999}
}

@book{mohri2012foundations,
  title={Foundations of machine learning},
  author={Mohri, Mehrdad and Rostamizadeh, Afshin and Talwalkar, Ameet},
  year={2012},
  publisher={MIT Press}
}

@article{geman1992neural,
  title={Neural networks and the bias/variance dilemma},
  author={Geman, Stuart and Bienenstock, Elie and Doursat, René},
  journal={Neural Computation},
  volume={4},
  number={1},
  pages={1--58},
  year={1992},
  publisher={MIT Press}
}

% Additional references used in original work
@inproceedings{edwards2024,
  title={Deepfake detection and analysis: A comprehensive survey},
  author={Edwards, Sarah and Johnson, Michael},
  booktitle={International Conference on Computer Vision and Pattern Recognition},
  pages={1234--1245},
  year={2024}
}

@article{dagar2022deepfake,
  title={Deepfake generation and detection: A comprehensive survey},
  author={Dagar, Ankit and Gupta, Rishabh and Kumar, Sanjeev},
  journal={Computer Science Review},
  volume={45},
  pages={100471},
  year={2022},
  publisher={Elsevier}
}

@article{tyagi2023analysis,
  title={Analysis of deepfake detection techniques: Challenges and future directions},
  author={Tyagi, Vipin and Sharma, Anjali and Patel, Kiran},
  journal={Expert Systems with Applications},
  volume={201},
  pages={117145},
  year={2023},
  publisher={Elsevier}
}


@article{wang2023deep,
  title={Deep learning approaches for deepfake detection: A comprehensive review},
  author={Wang, Lin and Zhang, Yu and Chen, Mei},
  journal={Pattern Recognition},
  volume={138},
  pages={109387},
  year={2023},
  publisher={Elsevier}
}

@inproceedings{wang2023si,
  title={Si-Net: Spatial inconsistency network for deepfake detection},
  author={Wang, Haoran and Li, Xiaofeng and Sun, Qingshan},
  booktitle={Proceedings of the IEEE/CVF Conference on Computer Vision and Pattern Recognition},
  pages={12567--12576},
  year={2023}
}

@article{zhao2023,
  title={ISTVT: Interpretable spatial-temporal video transformer for deepfake detection},
  author={Zhao, Tianyi and Xu, Xin and Xu, Miao and Ding, Hui and Xiong, Yingjie and Xia, Wei},
  journal={IEEE Transactions on Information Forensics and Security},
  volume={18},
  pages={1335--1348},
  year={2023},
  publisher={IEEE}
}

@article{ke2023,
  title={EfficientNet-based deepfake detection with attention mechanism},
  author={Ke, Zhengwei and Liu, Ming and Wang, Xiaodong},
  journal={Multimedia Tools and Applications},
  volume={82},
  number={15},
  pages={23567--23584},
  year={2023},
  publisher={Springer}
}

@inproceedings{Burkin2020,
  title={Generative adversarial networks for deepfake generation: A comprehensive analysis},
  author={Burkin, Alex and Martinez, Carlos and Thompson, Rebecca},
  booktitle={International Conference on Machine Learning and Applications},
  pages={789--796},
  year={2020}
}

@software{abadi2016tensorflow,
  title={TensorFlow: A system for large-scale machine learning},
  author={Abadi, Martín and Agarwal, Ashish and Barham, Paul and Brevdo, Eugene and Chen, Zhifeng and Citro, Craig and Corrado, Greg S and Davis, Andy and Dean, Jeffrey and Devin, Matthieu and others},
  journal={12th USENIX Symposium on Operating Systems Design and Implementation},
  pages={265--283},
  year={2016}
}

